@INPROCEEDINGS{Mentzelopoulos,
	author={M. Mentzelopoulos and F. Tarpini and A. Emanuele and A. Protopsaltis},
	booktitle={Computer and Information Technology; Ubiquitous Computing and Communications; Dependable, Autonomic and Secure Computing; Pervasive Intelligence and Computing (CIT/IUCC/DASC/PICOM), 2015 IEEE International Conference on},
	title={Hardware Interfaces for VR Applications: Evaluation on Prototypes},
	year={2015},
	pages={1578-1583},
	month={Oct},
}

@article{stanney,
  title={Human factors issues in virtual environments: A review of the literature},
  author={Stanney, Kay M and Mourant, Ronald R and Kennedy, Robert S},
  journal={Presence},
  volume={7},
  number={4},
  pages={327--351},
  year={1998},
  publisher={MIT Press}
}

@inproceedings{Nielsen,
 author = {Nielsen, Jakob and Molich, Rolf},
 title = {Heuristic Evaluation of User Interfaces},
 booktitle = {Proceedings of the SIGCHI Conference on Human Factors in Computing Systems},
 series = {CHI '90},
 year = {1990},
 isbn = {0-201-50932-6},
 location = {Seattle, Washington, USA},
 pages = {249--256},
 numpages = {8},
 url = {http://doi.acm.org/10.1145/97243.97281},
 doi = {10.1145/97243.97281},
 acmid = {97281},
 publisher = {ACM},
 address = {New York, NY, USA},
} 

@article{sutcliffe2004heuristic,
  title={Heuristic evaluation of virtual reality applications},
  author={Sutcliffe, Alistair and Gault, Brian},
  journal={Interacting with computers},
  volume={16},
  number={4},
  pages={831--849},
  year={2004},
  publisher={Elsevier}
}

@inproceedings{Pinelle,
 author = {Pinelle, David and Wong, Nelson and Stach, Tadeusz},
 title = {Heuristic Evaluation for Games: Usability Principles for Video Game Design},
 booktitle = {Proceedings of the SIGCHI Conference on Human Factors in Computing Systems},
 series = {CHI '08},
 year = {2008},
 isbn = {978-1-60558-011-1},
 location = {Florence, Italy},
 pages = {1453--1462},
 numpages = {10},
 url = {http://doi.acm.org.ezproxy.falmouth.ac.uk/10.1145/1357054.1357282},
 doi = {10.1145/1357054.1357282},
 acmid = {1357282},
 publisher = {ACM},
 address = {New York, NY, USA},
 keywords = {heuristic evaluation, usability evaluation, video games},
} 


@article{przybylski,
  title={Competence-impeding electronic games and playersâ€™ aggressive feelings, thoughts, and behaviors.},
  author={Przybylski, Andrew K and Deci, Edward L and Rigby, C Scott and Ryan, Richard M},
  journal={Journal of personality and social psychology},
  volume={106},
  number={3},
  pages={441},
  year={2014},
  publisher={American Psychological Association}
}

@article{przybylski2010motivational,
  title={A motivational model of video game engagement.},
  author={Przybylski, Andrew K and Rigby, C Scott and Ryan, Richard M},
  journal={Review of general psychology},
  volume={14},
  number={2},
  pages={154},
  year={2010},
  publisher={Educational Publishing Foundation}
}

@inproceedings{Kovarova,
 author = {Kovarova, Alena and Urbancok, Maros},
 title = {Can Virtual Reality Be Better Controlled by a Smart Phone Than by a Mouse and a Keyboard?},
 booktitle = {Proceedings of the 15th International Conference on Computer Systems and Technologies},
 series = {CompSysTech '14},
 year = {2014},
 isbn = {978-1-4503-2753-4},
 location = {Ruse, Bulgaria},
 pages = {317--324},
 numpages = {8},
 url = {http://doi.acm.org.ezproxy.falmouth.ac.uk/10.1145/2659532.2659608},
 doi = {10.1145/2659532.2659608},
 acmid = {2659608},
 publisher = {ACM},
 address = {New York, NY, USA},
 keywords = {metaphors, mobile sensors, smartphone, virtual reality},
} 

@inproceedings{Whitson,
 author = {Whitson, Jennifer and Eaket, Chris and Greenspan, Brian and Tran, Minh Quang and King, Natalie},
 title = {Neo-immersion: Awareness and Engagement in Gameplay},
 booktitle = {Proceedings of the 2008 Conference on Future Play: Research, Play, Share},
 series = {Future Play '08},
 year = {2008},
 isbn = {978-1-60558-218-4},
 location = {Toronto, Ontario, Canada},
 pages = {220--223},
 numpages = {4},
 url = {http://doi.acm.org/10.1145/1496984.1497028},
 doi = {10.1145/1496984.1497028},
 publisher = {ACM},
}

@article{dollard1939frustration,
  title={Frustration and aggression.},
  author={Dollard, John and Miller, Neal E and Doob, Leonard W and Mowrer, Orval Hobart and Sears, Robert R},
  year={1939},
  publisher={Yale University Press}
}

@article{won2015homuncular,
  title={Homuncular flexibility in virtual reality},
  author={Won, Andrea Stevenson and Bailenson, Jeremy and Lee, Jimmy and Lanier, Jaron},
  journal={Journal of Computer-Mediated Communication},
  volume={20},
  number={3},
  pages={241--259},
  year={2015},
  publisher={Wiley Online Library}
}